<?xml version="1.0" encoding="UTF-8"?>
<collection xmlns="http://www.loc.gov/MARC21/slim">
 <record>
  <leader>02341cam a2200445Ia 4500</leader>
  <controlfield tag="001">8354968</controlfield>
  <controlfield tag="005">20110328145700.0</controlfield>
  <controlfield tag="006">m        d        </controlfield>
  <controlfield tag="007">cr |||||||||||</controlfield>
  <controlfield tag="008">110328s1989    iluabf  ob    000 0 eng d</controlfield>
  <controlfield tag="003">OLE</controlfield>
  <datafield tag="020" ind1=" " ind2=" ">
   <subfield code="a">0918986540</subfield>
  </datafield>
  <datafield tag="020" ind1=" " ind2=" ">
   <subfield code="a">9780918986542</subfield>
  </datafield>
  <datafield tag="035" ind1=" " ind2=" ">
   <subfield code="a">(OCoLC)709617335</subfield>
  </datafield>
  <datafield tag="035" ind1=" " ind2=" ">
   <subfield code="a">8354968</subfield>
  </datafield>
  <datafield tag="040" ind1=" " ind2=" ">
   <subfield code="a">CGU</subfield>
   <subfield code="c">CGU</subfield>
  </datafield>
  <datafield tag="043" ind1=" " ind2=" ">
   <subfield code="a">fl-----</subfield>
  </datafield>
  <datafield tag="049" ind1=" " ind2=" ">
   <subfield code="a">CGUA</subfield>
  </datafield>
  <datafield tag="050" ind1=" " ind2="4">
   <subfield code="a">DT159.6.N83</subfield>
   <subfield code="b">U54 1967 v. 4</subfield>
  </datafield>
  <datafield tag="100" ind1="1" ind2=" ">
   <subfield code="a">Williams, Bruce,</subfield>
   <subfield code="d">1943-</subfield>
  </datafield>
  <datafield tag="245" ind1="1" ind2="0">
   <subfield code="a">Neolithic, A-Group, and post-A-Group remains from cemeteries W, V, S, Q, T, and a cave east of cemetery K</subfield>
   <subfield code="h">[electronic resource] /</subfield>
   <subfield code="c">by Bruce Beyer Williams.</subfield>
  </datafield>
  <datafield tag="260" ind1=" " ind2=" ">
   <subfield code="a">Chicago, Ill. :</subfield>
   <subfield code="b">Oriental Institute of the University of Chicago,</subfield>
   <subfield code="c">1989.</subfield>
  </datafield>
  <datafield tag="300" ind1=" " ind2=" ">
   <subfield code="a">1 online resource (xxiv, 141 p., 55 p. of plates :</subfield>
   <subfield code="b">ill., maps)</subfield>
  </datafield>
  <datafield tag="490" ind1="1" ind2=" ">
   <subfield code="a">University of Chicago Oriental Institute Nubian Expedition ;</subfield>
   <subfield code="v">v. 4</subfield>
  </datafield>
  <datafield tag="490" ind1="1" ind2=" ">
   <subfield code="a">Excavations between Abu Simbel and the Sudan frontier ;</subfield>
   <subfield code="v">pt. 2-4</subfield>
  </datafield>
  <datafield tag="500" ind1=" " ind2=" ">
   <subfield code="a">At head of title: Campagne internationale pour la sauvegarde des monuments de la Nubie.</subfield>
  </datafield>
  <datafield tag="500" ind1=" " ind2=" ">
   <subfield code="a">&quot;Keith C. Seele, director.&quot;</subfield>
  </datafield>
  <datafield tag="504" ind1=" " ind2=" ">
   <subfield code="a">Includes bibliographical references (p. xv-xxiii).</subfield>
  </datafield>
  <datafield tag="651" ind1=" " ind2="0">
   <subfield code="a">Nubia</subfield>
   <subfield code="x">Antiquities.</subfield>
  </datafield>
  <datafield tag="650" ind1=" " ind2="7">
   <subfield code="a">Antiquities.</subfield>
   <subfield code="2">fast</subfield>
   <subfield code="0">http://id.worldcat.org/fast/fst00810745</subfield>
  </datafield>
  <datafield tag="650" ind1=" " ind2="7">
   <subfield code="a">Excavations (Archaeology)</subfield>
   <subfield code="2">fast</subfield>
   <subfield code="0">http://id.worldcat.org/fast/fst00917564</subfield>
  </datafield>
  <datafield tag="651" ind1=" " ind2="7">
   <subfield code="a">Africa</subfield>
   <subfield code="z">Nubia.</subfield>
   <subfield code="2">fast</subfield>
   <subfield code="0">http://id.worldcat.org/fast/fst01215273</subfield>
  </datafield>
  <datafield tag="650" ind1=" " ind2="0">
   <subfield code="a">Excavations (Archaeology)</subfield>
   <subfield code="z">Nubia.</subfield>
  </datafield>
  <datafield tag="700" ind1="1" ind2=" ">
   <subfield code="a">Seele, Keith C.</subfield>
   <subfield code="q">(Keith Cedric),</subfield>
   <subfield code="d">1898-1971</subfield>
  </datafield>
  <datafield tag="710" ind1="2" ind2=" ">
   <subfield code="a">International Campaign to Save the Monuments of Nubia.</subfield>
  </datafield>
  <datafield tag="776" ind1="0" ind2="8">
   <subfield code="i">Print version:</subfield>
   <subfield code="a">Williams, Bruce, 1943-</subfield>
   <subfield code="t">Neolithic, A-Group, and post-A-Group remains from cemeteries W, V, S, Q, T, and a cave east of cemetery K.</subfield>
   <subfield code="d">Chicago, Ill. : Oriental Institute of the University of Chicago, 1989</subfield>
   <subfield code="z">0918986540</subfield>
   <subfield code="w">(DLC) 88064070</subfield>
   <subfield code="w">(OCoLC)20513735</subfield>
   <subfield code="w">*(ICU)982670</subfield>
  </datafield>
  <datafield tag="810" ind1="2" ind2=" ">
   <subfield code="a">University of Chicago.</subfield>
   <subfield code="b">Oriental Institute.</subfield>
   <subfield code="b">Nubian Expedition.</subfield>
   <subfield code="t">University of Chicago Oriental Institute Nubian Expedition ;</subfield>
   <subfield code="v">v. 4.</subfield>
  </datafield>
  <datafield tag="800" ind1="1" ind2=" ">
   <subfield code="a">Williams, Bruce,</subfield>
   <subfield code="d">1943-</subfield>
   <subfield code="t">Excavations between Abu Simbel and the Sudan frontier ;</subfield>
   <subfield code="v">pt. 2-4.</subfield>
  </datafield>
  <datafield tag="856" ind1="4" ind2="0">
   <subfield code="u">http://bibpurl.oclc.org/web/42214</subfield>
  </datafield>
  <datafield tag="928" ind1=" " ind2=" ">
   <subfield code="u">http://bibpurl.oclc.org/web/42214</subfield>
   <subfield code="c">FullText</subfield>
   <subfield code="l">Online</subfield>
   <subfield code="t">LCC</subfield>
   <subfield code="a">DT135.N8W545 1989</subfield>
  </datafield>
 </record>
</collection>
